<?xml version="1.0" encoding="UTF-8" ?>
<collection xmlns:xsi="http://www.w3.org/2001/XMLSchema-instance"
    xsi:schemaLocation="http://www.loc.gov/MARC21/slim
        http://www.loc.gov/standards/marcxml/schema/MARC21slim.xsd"
    xmlns="http://www.loc.gov/MARC21/slim">
<record>
  <leader>00257cam a2200493 i 4500</leader>
  <controlfield tag="001">b12940410</controlfield>
  <controlfield tag="003">LeBAU</controlfield>
  <controlfield tag="005">20190708</controlfield>
  <controlfield tag="008">990818s1933    ua ach   b    000 0 ara d</controlfield>
  <datafield tag="035" ind1=" " ind2=" ">
    <subfield code="a">ocn784528946</subfield>
  </datafield>
  <datafield tag="040" ind1=" " ind2=" ">
    <subfield code="a">LEAUB</subfield>
    <subfield code="b">ara</subfield>
    <subfield code="e">rda</subfield>
    <subfield code="c">LEAUB</subfield>
    <subfield code="d">LEAUB</subfield>
  </datafield>
  <datafield tag="082" ind1="0" ind2="4">
    <subfield code="a">348</subfield>
    <subfield code="2">23</subfield>
  </datafield>
  <datafield tag="100" ind1="1" ind2=" ">
    <subfield code="6">880-01</subfield>
    <subfield code="a">Fīlūthāʼus,</subfield>
    <subfield code="c">al-Īghūmānus,</subfield>
    <subfield code="d">1837-1904.</subfield>
    <subfield code="e">author.</subfield>
    <subfield code="0">https://lccn.loc.gov/n2009221483 ,</subfield>
  </datafield>
  <datafield tag="245" ind1="1" ind2="0">
    <subfield code="6">880-02</subfield>
    <subfield code="a">Qānūn al-Kanīsah al-Qibṭīyah :</subfield>
    <subfield code="b">Kitāb al-Khulāṣah al-qānūnīyah fī al-aḥwāl al-shakhṣīyah li-kanīsat al-Aqbāṭ al-Urthūdhuksiyīn /</subfield>
    <subfield code="c">ta’līf al-Mutanayyiḥ al-Īghūmānus Fīlūthā’us, ra’īs al-Kanīsah al-Kubrá al-Marqusīyah bi-al-Qāhirah sābiqan ; sharaḥa hādhā al-kitāb wa-waḍaʻ mulḥaqātih al-faqīr li-raḥmat Mawlāh Jirjis Fīlūthā’us ʻAwaḍ.</subfield>
  </datafield>
  <datafield tag="246" ind1="3" ind2="0">
    <subfield code="6">880-03</subfield>
    <subfield code="a">Kitāb al-Khulāṣah al-qānūnīyah fī al-aḥwāl al-shakhṣīyah li-kanīsat al-Aqbāṭ al-Urthūdhuksiyīn</subfield>
  </datafield>
  <datafield tag="246" ind1="3" ind2="0">
    <subfield code="6">880-04</subfield>
    <subfield code="a">Khulāṣah al-qānūnīyah fī al-aḥwāl al-shakhṣīyah li-kanīsat al-Aqbāṭ al-Urthūdhuksiyīn</subfield>
  </datafield>
  <datafield tag="250" ind1=" " ind2=" ">
    <subfield code="6">880-05</subfield>
    <subfield code="a">al-Ṭabʻah al-thālithah.</subfield>
  </datafield>
  <datafield tag="264" ind1=" " ind2="1">
    <subfield code="6">880-06</subfield>
    <subfield code="a">al-Qāhirah, [Miṣr] :</subfield>
    <subfield code="b">al-Maṭbaʻah al-Miṣrīyah al-Ahlīyah al-Ḥadīthah,</subfield>
    <subfield code="c">1933.</subfield>
  </datafield>
  <datafield tag="300" ind1=" " ind2=" ">
    <subfield code="6">880-07</subfield>
    <subfield code="a">184 pages :</subfield>
    <subfield code="b">illustrations, facsimiles, portraits ;</subfield>
    <subfield code="c">24 cm</subfield>
  </datafield>
  <datafield tag="336" ind1=" " ind2=" ">
    <subfield code="a">text</subfield>
    <subfield code="b">txt</subfield>
    <subfield code="2">rdacontent</subfield>
  </datafield>
  <datafield tag="336" ind1=" " ind2=" ">
    <subfield code="a">still image</subfield>
    <subfield code="b">sti</subfield>
    <subfield code="2">rdacontent</subfield>
  </datafield>
  <datafield tag="337" ind1=" " ind2=" ">
    <subfield code="a">unmediated</subfield>
    <subfield code="b">n</subfield>
    <subfield code="2">rdamedia</subfield>
  </datafield>
  <datafield tag="338" ind1=" " ind2=" ">
    <subfield code="a">volume</subfield>
    <subfield code="b">nc</subfield>
    <subfield code="2">rdacarrier</subfield>
  </datafield>
  <datafield tag="504" ind1=" " ind2=" ">
    <subfield code="a">يتضمن مراجع ببليوغرافية.</subfield>
  </datafield>
  <datafield tag="610" ind1="2" ind2="4">
    <subfield code="a">الكنيسة القبطية.</subfield>
  </datafield>
  <datafield tag="610" ind1="2" ind2="0">
    <subfield code="a">Coptic Church.</subfield>
  </datafield>
  <datafield tag="650" ind1=" " ind2="4">
    <subfield code="a">الاحوال الشخصية (القانون الكنسي)</subfield>
    <subfield code="z">مصر.</subfield>
  </datafield>
  <datafield tag="650" ind1=" " ind2="4">
    <subfield code="a">القوانين والتشريعات الدينية</subfield>
    <subfield code="z">مصر.</subfield>
  </datafield>
  <datafield tag="650" ind1=" " ind2="0">
    <subfield code="a">Religious law and legislation</subfield>
    <subfield code="z">Egypt.</subfield>
  </datafield>
  <datafield tag="650" ind1=" " ind2="0">
    <subfield code="a">Domestic relations (Canon law)</subfield>
    <subfield code="z">Egypt.</subfield>
  </datafield>
  <datafield tag="700" ind1="1" ind2=" ">
    <subfield code="6">880-08</subfield>
    <subfield code="a"> ʻAwaḍ, Jirjis Fīlūthāʾus.</subfield>
    <subfield code="e">compiler.</subfield>
    <subfield code="0">https://lccn.loc.gov/nr91040898 ,</subfield>
  </datafield>
  <datafield tag="852" ind1=" " ind2=" ">
    <subfield code="a">Jafet Library</subfield>
    <subfield code="e">American University of Beirut, Bliss Street , Beirut, Lebanon.</subfield>
  </datafield>
  <datafield tag="880" ind1="1" ind2=" ">
    <subfield code="6">100-01/(3/r</subfield>
    <subfield code="a">فيلوثاؤس،</subfield>
    <subfield code="c">الايغومانس</subfield>
    <subfield code="d">1837-1904،</subfield>
    <subfield code="0">https://lccn.loc.gov/n2009221483 ,</subfield>
    <subfield code="e">مؤلف. </subfield>
    <subfield code="4">aut.</subfield>
  </datafield>
  <datafield tag="880" ind1="1" ind2="0">
    <subfield code="6">245-02/(3/r</subfield>
    <subfield code="a">قانون الكنيسة القبطية :</subfield>
    <subfield code="b">كتاب الخلاصة القانونية في الأحوال الشخصية لكنيسة الأقباط الارثوذكسيين /</subfield>
    <subfield code="c">تأليف المتنيح الايغومانس فيلوثاؤس، رئيس الكنيسة الكبرى المرقسية بالقاهرة سابقاً ؛ شرح هذا الكتاب ووضع ملحقاته الفقير لرحمة مولاه جرجس فيلوثاؤس عوض. </subfield>
  </datafield>
  <datafield tag="880" ind1="3" ind2="0">
    <subfield code="6">246-03/(3/r</subfield>
    <subfield code="a">كتاب الخلاصة القانونية في الأحوال الشخصية لكنيسة الأقباط الارثوذكسيين</subfield>
  </datafield>
  <datafield tag="880" ind1="3" ind2="0">
    <subfield code="6">246-04/(3/r</subfield>
    <subfield code="a">الخلاصة القانونية في الأحوال الشخصية لكنيسة الأقباط الارثوذكسيين</subfield>
  </datafield>
  <datafield tag="880" ind1=" " ind2=" ">
    <subfield code="6">250-05/(3/r</subfield>
    <subfield code="a">الطبعة الثالثة.</subfield>
  </datafield>
  <datafield tag="880" ind1=" " ind2="1">
    <subfield code="6">264-06/(3/r</subfield>
    <subfield code="a">القاهرة، [مصر] :</subfield>
    <subfield code="b">المطبعة المصرية الأهلية الحديثة،</subfield>
    <subfield code="c">1933.</subfield>
  </datafield>
  <datafield tag="880" ind1=" " ind2=" ">
    <subfield code="6">300-07/(3/r</subfield>
    <subfield code="a">184 صفحة :</subfield>
    <subfield code="b">مصورات، صور شخصانية، صور طبق الاصل ؛</subfield>
    <subfield code="c">25 سم</subfield>
  </datafield>
  <datafield tag="880" ind1="1" ind2=" ">
    <subfield code="6">700-08/(3/r</subfield>
    <subfield code="a">عوض، جرجس فيلوثاؤس،</subfield>
    <subfield code="0">https://lccn.loc.gov/nr91040898 ,</subfield>
    <subfield code="e">معد. </subfield>
    <subfield code="4">com.</subfield>
  </datafield>
  <datafield tag="907" ind1=" " ind2=" ">
    <subfield code="a">.b12940410</subfield>
    <subfield code="b">19-08-16</subfield>
    <subfield code="c">11-05-24</subfield>
  </datafield>
  <datafield tag="907" ind1=" " ind2=" ">
    <subfield code="a">.b12940410</subfield>
    <subfield code="b">11-10-11</subfield>
    <subfield code="c">11-05-24</subfield>
  </datafield>
  <datafield tag="945" ind1=" " ind2=" ">
    <subfield code="f">J</subfield>
    <subfield code="a">348:F48k3A:c.1</subfield>
    <subfield code="i">01018276</subfield>
    <subfield code="j">.i13556915</subfield>
    <subfield code="l">u0503</subfield>
  </datafield>
  <datafield tag="998" ind1=" " ind2=" ">
    <subfield code="a">u05</subfield>
    <subfield code="b">99-08-18</subfield>
    <subfield code="c">m</subfield>
    <subfield code="d">a  </subfield>
    <subfield code="e">-</subfield>
    <subfield code="f">ara</subfield>
    <subfield code="g">ua </subfield>
    <subfield code="h">0</subfield>
    <subfield code="i">1</subfield>
  </datafield>
</record>
</collection>
